<?xml version="1.0" encoding="UTF-8"?><record xmlns="http://www.loc.gov/MARC21/slim" xmlns:cinclude="http://apache.org/cocoon/include/1.0" xmlns:zs="http://www.loc.gov/zing/srw/">
  <leader>00636cz  a2200145n  4500</leader>
  <controlfield tag="001">n  94117707 </controlfield>
  <controlfield tag="003">DLC</controlfield>
  <controlfield tag="005">20080824075121.0</controlfield>
  <controlfield tag="008">941207n| acannaabn          |a ana      </controlfield>
  <datafield tag="010" ind1=" " ind2=" ">
    <subfield code="a">n  94117707 </subfield>
  </datafield>
  <datafield tag="035" ind1=" " ind2=" ">
    <subfield code="a">(OCoLC)oca03751585</subfield>
  </datafield>
  <datafield tag="040" ind1=" " ind2=" ">
    <subfield code="a">DLC</subfield>
    <subfield code="b">eng</subfield>
    <subfield code="c">DLC</subfield>
    <subfield code="d">DLC</subfield>
    <subfield code="d">OCoLC</subfield>
  </datafield>
  <datafield tag="110" ind1="2" ind2=" ">
    <subfield code="a">Davids German Reformed Church (Madison, Franklin County, Ohio)</subfield>
  </datafield>
  <datafield tag="410" ind1="2" ind2=" ">
    <subfield code="a">Davids Reformed Church (Madison, Franklin County, Ohio)</subfield>
  </datafield>
  <datafield tag="670" ind1=" " ind2=" ">
    <subfield code="a">Davids German Reformed Church, 1994:</subfield>
    <subfield code="b">t.p. (Madison Township, Franklin Co., Ohio, and the Winchester charge, 1839-1900) p. 1 (Davids Reformed Church, now David's United Church of Christ [no publs. in LC database])</subfield>
  </datafield>
</record>